
	@incollection{Arrow2014,
	Address = {New York},
	Author = {Kenneth J. Arrow},
	Booktitle = {The {Arrow} Impossibility Theorem},
	Date-Added = {2017-09-30 11:26:04 +0000},
	Date-Modified = {2017-09-30 11:27:25 +0000},
	Editor = {Eric Maskin and Amartya Sen},
	Pages = {143-148},
	Publisher = {Columbia University Press},
	Title = {Origins of the Impossibility Theorem},
	Year = {2014}}
	
	@book{Arrow2012,
	Address = {New Haven},
	Author = {Kenneth J. Arrow},
	Edition = {3rd},
	Publisher = {Yale University Press},
	Title = {Social Choice and Individual Values},
	Year = {2012}}

	
	@incollection{Parikh1985,
		title = {The Logic of Games and its Applications},
		editor = {Marek Karplnski and Jan {van Leeuwen}},
		series = {North-Holland Mathematics Studies},
		publisher = {North-Holland},
		volume = {102},
		pages = {111-139},
		year = {1985},
		booktitle = {Topics in the Theory of Computation},
		author = {Rohit Parikh}
		}

@book{Murakami1968,
	Address = {New York},
	Author = {Y. Murakami},
	Publisher = {Dover Publications},
	Title = {Logic and Social Choice},
	Year = {1968}}
	
	@article{HK2020,
	Author = {Wesley H. Holliday and Mikayla Kelley},
	Journal = {Social Choice and Welfare},
	Pages = {243-253},
	Title = {A note on {M}urakami's theorems and incomplete social choice without the {P}areto principle},
	Volume = {55},
	Year = {2020}}
	
@article{Rubinstein1984,
	Author = {Ariel Rubinstein},
	Date-Added = {2017-09-29 21:14:20 +0000},
	Date-Modified = {2017-09-29 21:21:32 +0000},
	Journal = {International Economic Review},
	Number = {3},
	Pages = {719-730},
	Title = {The Single Profile Analogues to Multi Profile Theorems: {M}athematical Logic's Approach},
	Volume = {25},
	Year = {1984}}
	
	@article{Routley1979,
	Author = {R. Routley},
	Journal = {Notre Dame Journal of Formal Logic},
	Number = {4},
	Pages = {879-890},
	Title = {Repairing proofs of Arrow's general impossibility theorem and enlarging the scope of the theorem},
	Volume = {20},
	Year = {1979}}


@article{TroquardVanDerHoekWooldridge2011,
	Author = {Nicolas Troquard and Wiebe {van der Hoek} and Michael Wooldridge},
	Date-Added = {2017-09-29 21:14:20 +0000},
	Date-Modified = {2017-09-29 21:14:45 +0000},
	Journal = {Journal of Philosophical Logic},
	Number = {4},
	Pages = {473-498},
	Title = {Reasoning About Social Choice Functions},
	Volume = {40},
	Year = {2011}}

@article{GrandiEndriss2013,
	Author = {Umberto Grandi and Ulle Endriss},
	Date-Added = {2017-09-29 21:14:20 +0000},
	Date-Modified = {2017-09-29 21:21:43 +0000},
	Journal = {Journal of Philosophical Logic},
	Number = {4},
	Pages = {595-618},
	Title = {First-Order Logic Formalisation of Impossibility Theorems in Preference Aggregation},
	Volume = {42},
	Year = {2013},
	Bdsk-Url-1 = {http://dx.doi.org/10.1007/s10992-012-9240-8}}

@article{CinaEndriss2016,
	Author = {Giovanni Cin\'a and Ulle Endriss},
	Date-Added = {2017-09-29 21:14:20 +0000},
	Date-Modified = {2017-09-30 11:51:58 +0000},
	Journal = {Autonomous Agents and Multi-Agent Systems},
	Number = {5},
	Pages = {963-989},
	Title = {Proving Classical Theorems of Social Choice Theory in Modal Logic},
	Volume = {30},
	Year = {2016}}

@article{AgotnesVanDerHoekWooldridge2009,
	Author = {Thomas Agotnes and Weibe {van der Hoek} and Michael Wooldridge},
	Date-Added = {2017-09-29 21:14:20 +0000},
	Date-Modified = {2017-09-30 12:17:02 +0000},
	Journal = {Autonomous Agents and Multi-Agent Systems},
	Number = {1},
	Pages = {4-30},
	Title = {On the Logic of Preference and Judgment Aggregation},
	Volume = {22},
	Year = {2009}}

@incollection{Endriss2011,
	Address = {London},
	Author = {Ulle Endriss},
	Booktitle = {Logic and Philosophy Today},
	Date-Added = {2017-09-30 11:42:43 +0000},
	Date-Modified = {2017-09-30 11:44:29 +0000},
	Editor = {Amitabha Gupta and Johan {van Benthem}},
	Pages = {333-377},
	Publisher = {College Publications},
	Title = {Logic and Social Choice Theory},
	Year = {2011}}

@incollection{PacuitYang2016,
	Author = {Eric Pacuit and Fan Yang},
	Booktitle = {Dependence Logic},
	Date-Added = {2017-09-30 11:48:16 +0000},
	Date-Modified = {2017-09-30 11:49:11 +0000},
	Editor = {Samson Abramsky and Juha Kontinen and Jouko V\"{a}\"{a}n\"{a}nen and Heribert Vollmer},
	Pages = {235-260},
	Publisher = {Springer},
	Title = {Dependence and Independence in Social Choice: {Arrow}'s Theorem},
	Year = {2016}}

@article{HollidayPacuit2020,
	Author = {Wesley H. Holliday and Eric Pacuit},
	Journal = {Social Choice and Welfare},
	Pages = {463-505},
	Title = {{A}rrow's Decisive Coalitions},
	Volume = {54},
	Year = {2020}}
	
@article{Pauly2008,
	Author = {Marc Pauly},
	Journal = {Social Choice and Welfare},
	Pages = {227-243},
	Title = {On the role of language in social choice theory},
	Volume = {163},
	Year = {2008}}



	@article{Malik2009,
	Author = {Sharad Malik and Lintao Zhang},
	Journal = {Communications of the ACM},
	Pages = {76-82},
	Title = {Boolean Satisfiability: {F}rom Theoretical Hardness to Practical Success},
	Volume = {52},
	Number = {8},
	doi = {10.1145/1536616.1536637},
	Year = {2009}}
	
		@article{Kelsey1984,
	Author = {David Kelsey},
	Journal = {The Review of Economic Studies},
	Title = {Acyclic Choice without the {P}areto Principle},
	volume = {51},
	number = {4},
	page = {693?699},
	year = {1984},
	}
	
		@article{Kelsey1984b,
	Author = {David Kelsey},
	Journal = {Mathematical Social Sciences},
	Title = {The Structure of Social Decision Functions},
	volume = {8},
	page = {241-252},
	year = {1984},
	}
	
		@article{Kelsey1985,
	Author = {David Kelsey},
	Journal = {Social Choice and Welfare},
	Title = {Acyclic Choice and Group Veto},
	volume = {2},
	page = {131-137},
	year = {1985},
	}
	
	@inproceedings{Geist2017,
	Author = {Christian Geist and Dominik Peters},
	Booktitle = {Trends in Computational Social Choice},
	Editor = {Ulle Endriss},
	Pages = {249-267},
	Publisher = {AI Access},
	Title = {Computer-aided Methods for Social Choice Theory},
	Year = {2017}}
	
	@inproceedings{Frechette2016,
	Author = {Alexandre Fr\'{e}chette and Neil Newman and Kevin Leyton-Brown},
	Booktitle = {Proceedings of the Thirtieth AAAI Conference on Artificial Intelligence (AAAI-16)},
	Pages = {702-709},
	Publisher = {AAAI Press},
	Title = {Solving the Station Repacking Problem},
	Year = {2016}}
	
	@inproceedings{Drummond2015,
	Author = {Joanna Drummond and Andrew Perrault and Fahiem Bacchus},
	Booktitle = {Proceedings of the Twenty-Fourth International Joint Conference on Artificial Intelligence (IJCAI 2015)},
	Pages = {518-525},
	Publisher = {AAAI Press},
	Title = {SAT Is an Effective and Complete Method for Solving Stable Matching Problems with Couples},
	Year = {2015}}
	
	@inproceedings{Endriss2020,
	Author = {Ulle Endriss},
	Booktitle = {Proceedings of The Thirty-Fourth AAAI Conference on Artificial Intelligence (AAAI-20)},
	Pages = {1918-1925},
	Publisher = {AAAI Press},
	Title = {Analysis of One-to-One Matching Mechanisms via {SAT} Solving: Impossibilities for Universal Axioms},
	Year = {2020}}
	
	@article{Tang2011,
	Author = {Pingzhong Tang and Fangzhen Lin},
	Journal = {Artificial Intelligence},
	Pages = {2010-2020},
	Title = {Discovering theorems in game theory: Two-person games with unique pure Nash equilibrium payoffs},
	Volume = {175},
	Year = {2011}}
	

@article{Nipkow2009,
	Author = {Tobias Nipkow},
	Date-Added = {2017-09-30 11:41:20 +0000},
	Date-Modified = {2017-09-30 11:41:54 +0000},
	Journal = {Journal of Automated Reasoning},
	Number = {3},
	Pages = {289-304},
	Title = {Social Choice Theory in {HOL}},
	Volume = {43},
	Year = {2009}}

@article{Wiedijk2007,
	Author = {Freek Wiedijk},
	Date-Added = {2017-09-30 11:39:38 +0000},
	Date-Modified = {2017-09-30 11:40:36 +0000},
	Journal = {Formalized Mathematics},
	Number = {4},
	Pages = {171-174},
	Title = {{Arrow}'s Impossibility Theorem},
	Volume = {15},
	Year = {2007}}

@article{Geanakoplos2005,
	Author = {John Geanakoplos},
	Date-Added = {2017-09-29 21:30:46 +0000},
	Date-Modified = {2017-09-29 21:30:53 +0000},
	Journal = {Economic Theory},
	Number = {1},
	Pages = {211-215},
	Title = {Three Brief Proofs of {Arrow}'s Theorem},
	Volume = {26},
	Year = {2005}}

@article{Coquand1988,
	Author = {Thierry Coquand and G\'{e}rard Huet},
	Journal = {Information and Computation},
	Number = {2-3},
	Pages = {95-120},
	Title = {The calculus of constructions},
	Volume = {76},
	Year = {1988}}



 

	@article{Leyton-Brown2017,
	Author = {Kevin Leyton-Brown and Paul Milgrom and Ilya Segal},
	Journal = {Proceedings of the National Academy of Sciences},
	Pages = {7202-7209},
	Title = {Economics and computer science of a radio spectrum reallocation},
	Volume = {114},
	Number = {28},
	doi = {10.1073/pnas.1701997114},
	Year = {2017}}
	
	@article{Geist2011,
	Author = {Christian Geist and Ulle Endriss},
	Journal = {Journal of Artificial Intelligence Research},
	Pages = {143-174},
	Title = {Automated Search for Impossibility Theorems in Social Choice Theory: {R}anking Sets of Objects},
	Volume = {40},
	Year = {2011}}
	
	@article{Brandt2017,
	Author = {Felix Brandt and Christian Geist and Dominik Peters},
	Journal = {Mathematical Social Sciences},
	Pages = {18-27},
	Title = {Optimal bounds for the no-show paradox via {SAT} solving},
	Volume = {90},
	Year = {2017}}
	
	
	@article{Brandl2018,
	Author = {Florian Brandl and Felix Brandt and Manuel Eberl and Christian Geist},
	Journal = {Journal of the ACM},
	Number = {2},
	Pages = {6:1-6:28},
	Title = {Proving the Incompatibility of Efficiency and Strategyproofness via {SMT} Solving},
	Volume = {65},
	Year = {2018}}
	
	@inproceedings{Kluiving2020,
  author =        {Boas Kluiving and Adriaan de~Vries and Pepijn Vrijbergen and Arthur Boixel and Ulle Endriss},
  title =         {Analysing Irresolute Multiwinner Voting Rules with Approval Ballots via {SAT} Solving},
  booktitle =     {Proceedings of the 24th European Conference on Artificial Intelligence (ECAI-2020)},
  month =         {August},
  year =          {2020},
  pages = {131-138},
}
	
	@article{Brandl2019,
	Author = {Florian Brandl and Felix Brandt and Christian Geist and Johannes Hofbauer},
	Journal = {Journal of Artificial Intelligence Research},
	Pages = {1031-1056},
	Title = {Strategic Abstention based on Preference Extensions: {P}ositive Results and Computer-Generated Impossibilities},
	Volume = {66},
	Year = {2019}}
	
	@article{Tang2009,
	Author = {Pingzhong Tang and Fangzhen Lin},
	Journal = {Artificial Intelligence},
	Pages = {1041-1053},
	Title = {Computer-aided proofs of Arrow's and other impossibility theorems},
	Volume = {173},
	Year = {2009}}
	
	@article{Blau1957,
	Author = {Julian H. Blau},
	Journal = {Econometrica},
	Number = {2},
	Pages = {302-313},
	Title = {The Existence of Social Welfare Functions},
	Volume = {25},
	Year = {1957}}
	
	@article{Campbell2000,
	Author = {Donald E. Campbell and Jerry S. Kelly},
	Journal = {Economics Letters},
	Pages = {183-189},
	Title = {Weak independence and veto power},
	Volume = {66},
	Year = {2000}}
	
	@inproceedings{Brandt2018,
	Author = {Felix Brandt and Christian Saile and Christian Stricker},
	Booktitle = {Proceedings of the 17th International Conference on Autonomous Agents and Multiagent Systems (AAMAS 2018)},
	Editor = {M. Dastani and G. Sukthankar and E. Andr\'{e} and S. Koenig},
	Pages = {1285-1293},
	Publisher = {International Foundation for Autonomous Agents and Multiagent Systems},
	Title = {Voting with Ties: Strong Impossibilities via {SAT} Solving},
	Year = {2018}}
	
	@inproceedings{Brandt2014,
	Author = {Felix Brandt and Christian Geist and Hans Georg Seedig},
	Booktitle = {Proceedings of the 1st AAMAS Workshop on Exploring Beyond the Worst Case in Computational Social Choice},
	Editor = {},
	Pages = {},
	Publisher = {},
	Title = {Identifying k-Majority Digraphs via {SAT} Solving},
	Year = {2014}}
		
			@inproceedings{Lean,
	Author = {Leonardo {de Moura} and Soonho Kong and Jeremy Avigad and  Floris {van Doorn} and Jakob {von Raumer}},
	Booktitle = {25th International Conference on Automated Deduction (CADE-25)},
	Editor = {},
	Pages = {},
	Publisher = {},
	Title = {The Lean Theorem Prover},
	Year = {2015}}



	@book{Arrow1963,
	Address = {New York},
	Author = {Kenneth J. Arrow},
	Edition = {2nd},
	Publisher = {John Wiley \& Sons, Inc.},
	Title = {Social Choice and Individual Values},
	Year = {1963}}
	
	@article{Baigent1987,
	Author = {Nick Baigent},
	Journal = {Journal of Economics},
	Number = {4},
	Pages = {407-411},
	Title = {Twitching weak dictators},
	Volume = {47},
	Year = {1987}}
	
	@article{Brandt2016,
	Author = {Felix Brandt and Christian Geist},
	Journal = {Journal of Artificial Intelligence Research},
	Pages = {565-602},
	Title = {Finding Strategyproof Social Choice Functions via SAT Solving},
	Volume = {55},
	doi = {10.1613/jair.4959},
	Year = {2016}}

	@book{Balinski2010,
	Author = {Michel Balinski and Rida Laraki},
	Publisher = {MIT Press},
	Address = {Boston},
	Title = {Majority Judgement: Measuring, Ranking and Electing},
	doi = {10.7551/mitpress/9780262015134.001.0001},
	Year = {2010}}

	@book{MartinLof1984,
	Author = {Per {Margin-L\"{o}f}},
	Publisher = {Bibliopolis},
	Address = {Napoli},
	Title = {Intuitionistic type theory},
	Year = {1984}}

	

	@article{McGarvey1953,
	Author = {David C. McGarvey},
	Journal = {Econometrica},
	Number = {4},
	Pages = {608-610},
	Title = {A Theorem on the Construction of Voting Paradoxes},
	Volume = {21},
	doi = {10.2307/1907926},
	Year = {1953}}
	
	@article{Bordes1983,
	Author = {Georges Bordes},
	Journal = {Journal of Economic Theory},
	Number = {1},
	Pages = {122-132},
	Title = {On the possibility of reasonable consistent majoritarian choice: {S}ome positive results},
	Volume = {31},
	doi = {10.1016/0022-0531(83)90024-8},
	Year = {1983}}
	
	@incollection{Brams2002,
	Address = {Amsterdam},
	Author = {Steven J. Brams and Peter C. Fishburn},
	Booktitle = {Handbook of Social Choice and Welfare},
	Editor = {Kenneth J. Arrow and Amartya K. Sen and Kotaro Suzumura},
	Pages = {173-236},
	Publisher = {North-Holland},
	Title = {Voting Procedures},
	Volume = {1},
	Year = {2002}}
	
	@inproceedings{Brandt2007,
	Author = {Felix Brandt and Felix Fischer},
	Booktitle = {Internet and Network Economics: Third International Workshop, WINE 2007},
	Editor = {Xiaotie Deng and Fan Chung Graham},
	Pages = {300-305},
	Publisher = {Springer-Verlag},
	Address = {Berlin},
	Title = {PageRank as a Weak Tournament Solution},
	doi = {10.1007/978-3-540-77105-0_30},
	Year = {2007}}
	
	
	@inproceedings{Brandt2014,
	Author = {Felix Brandt and Hans Georg Seedig},
	Booktitle = {Operations Research Proceedings 2014},
	Editor = {M. L\"{u}bbecke and A. Koster and P. Letmathe and R. Madlener and B. Peis  and G. Walther},
	Pages = {53-58},
	Publisher = {Springer},
	Address = {Cham},
	Title = {On the Discriminative Power of Tournament Solutions},
	doi = {doi.org/10.1007/978-3-319-28697-6_8},
	Year = {2014}}
	
	@inproceedings{Brandt2017,
	Author = {Felix Brandt},
	Booktitle = {Trends in Computational Social Choice},
	Editor = {Ulle Endriss},
	Pages = {3-26},
	Publisher = {AI Access},
	Title = {Rolling the dice: Recent results in probabilistic social choice},
	Year = {2017}}
	
	@article{Brandt2018a,
	Author = {Felix Brandt and Markus Brill and Hans Georg Seedig and Warut Suksompong},
	Journal = {Economic Theory},
	Pages = {483-507},
	Title = {On the structure of stable tournament solutions},
	Volume = {65},
	Number = {2},
	doi = {10.1007/s00199-016-1024-x},
	Year = {2018}}
	
	@inproceedings{Brandt2019,
	Author = {Felix Brandt and Johannes Hofbauer and Martin Strobel},
	Title = {Exploring the No-Show Paradox for {C}ondorcet Extensions Using {E}hrhart Theory and Computer Simulations},
	Booktitle = {Proceedings of the 18th International Conference on Autonomous Agents and MultiAgent Systems (AAMAS '19)},
	Publisher = {International Foundation for Autonomous Agents and MultiAgent Systems},
	Pages = {520-528},
	Year = {2019}}
	
	@inproceedings{Brandt2020,
	Author = {Felix Brandt and Christian Geist and Martin Strobel},
	Title = {Analyzing the Practical Relevance of the {C}ondorcet Loser Paradox and the Agenda Contraction Paradox},
	Booktitle = {Evaluating Voting Systems with Probability Models: Essays by and in Honor of William Gehrlein and Dominique Lepelley},
	Editor = {M. Diss and V. Merlin},
	Publisher = {Springer},
	Address = {Berlin},
	Year = {2020}}
	
	@inproceedings{BrillFischer2012,
	Author = {Markus Brill and Felix Fischer},
	Booktitle = {Proceedings of the Twenty-Sixth AAAI Conference on Artificial Intelligence (AAAI-12)},
	Pages = {1299-1305},
	Title = {The Price of Neutrality for the Ranked Pairs Method},
	Publisher = {AAAI Press},
	Year = {2012}}
	
	@article{Campbell2000,
	Author = {Donald E. Campbell and Jerry S. Kelly},
	Journal = {Economics Letters},
	Pages = {183-189},
	Title = {Weak independence and veto power},
	Volume = {66},
	Number = {2},
	doi = {10.1016/s0165-1765(99)00209-8},
	Year = {2000}}
	
	@incollection{Campbell2002,
	Address = {Amsterdam},
	Author = {Donald E. Campbell and Jerry S. Kelly},
	Booktitle = {Handbook of Social Choice and Welfare},
	Editor = {Kenneth J. Arrow and Amartya K. Sen and Kotaro Suzumura},
	Pages = {35-94},
	publisher = {North Holland},
	address = {Amsterdam},
	Title = {Impossibility theorems in the {A}rrovian framework},
	Volume = {1},
	Year = {2002}}
	
@article {Blau1979,
    AUTHOR = {J. H. Blau},
    TITLE = {Review of the article ``{R}epairing proofs of Arrow's general impossibility theorem and enlarging the scope of the theorem'' by {R}. {R}outley},
    JOURNAL = {Mathematical Reviews},
    VOLUME = {0545435},
    YEAR = {1979},
    URL = {https://mathscinet.ams.org/mathscinet-getitem?mr=545435},
}
	
	@book{Arrow1951,
	Address = {New York},
	Author = {Kenneth J. Arrow},
	Edition = {1st},
	Publisher = {John Wiley \& Sons, Inc.},
	Title = {Social Choice and Individual Values},
	Year = {1951}}

	@inproceedings{Conitzer2005,
	Author = {Vincent Conitzer and Tuomas Sandholm},
	Booktitle = {Proceedings of the Twenty-First Conference on Uncertainty in Artificial Intelligence ({UAI-05})},
	Title = {Common voting rules as maximum likelihood estimators},
	Publisher = {AUAI Press},
	Address = {Arlington, Virginia},
	Pages = {145-152},
	Year = {2005}}
	
	@unpublished{Copeland1951,
	Author = {A. H. Copeland},
	Note = {Notes from a seminar on applications of mathematics to the social sciences, University of Michigan},
	Title = {A `reasonable' social welfare function},
	Year = {1951}}
	
	@unpublished{Darlington2016,
	Author = {Richard B. Darlington},
	Note = {\href{https://arxiv.org/abs/1606.04371}{arXiv:1606.04371}},
	Title = {Minimax is the best electoral system after all},
	Year = {2016}}
	
	@article{Debord1987,
	Author = {Bernard Debord},
	Journal = {Math\'{e}matiques et sciences humaines},
	Pages = {5-17},
	Title = {Caract\'{e}risation des matrices des pr\'{e}f\'{e}rences nettes et m\'{e}thodes d'agr\'{e}gation associ\'{e}es},
	Volume = {97},
	Year = {1987}}
	
	@article{Duddy2014,
	Author = {Conal Duddy},
	Journal = {Theory and Decision},
	Pages = {275-285},
	Title = {Condorcet's principle and the strong no-show paradoxes},
	Volume = {77},
	doi = {10.1007/s11238-013-9401-4},
	Year = {2014}}
	
	@article{Duggan2013,
	Author = {John Duggan},
	Journal = {Social Choice and Welfare},
	Number = {3},
	Pages = {489-535},
	Title = {Uncovered Sets},
	Volume = {41},
	doi = {10.1007/s00355-012-0696-9},
	Year = {2013}}
	
	@article{Dutta2001,
	Author = {Bhaskar Dutta and Matthew O. Jackson and Michel Le Breton},
	Journal = {Econometrica},
	Number = {4},
	Pages = {1013-1037},
	Title = {Strategic Candidacy and Voting Procedures},
	Volume = {69},
	doi = {10.1111/1468-0262.00228},
	Year = {2001}}
	
	@article{Ehlers2003,
	Author = {Lars Ehlers and John A. Weymark},
	Journal = {Economic Theory},
	Number = {2},
	Pages = {233-243},
	Title = {Candidate stability and nonbinary social choice},
	Volume = {22},
	doi = {10.1007/s00199-002-0279-6},
	Year = {2003}}
	
	@article{Eraslan2004,
	Author = {H\"{u}lya Eraslan and Andrew McLellan},
	Journal = {Journal of Economic Theory},
	Number = {1},
	Pages = {29-54},
	Title = {Candidate stability and nonbinary social choice},
	Volume = {117},
	doi = {10.1016/j.jet.2003.09.005},
	Year = {2004}}
	
	@inproceedings{Felsenthal2012,
	Author = {Dan S. Felsenthal},
	Booktitle = {Electoral Systems: Paradoxes, Assumptions and Procedures},
	editors = {Dan S. Felsenthal and Mosh\'{e} Machover},
	Pages = {19-92},
	Title = {Review of Paradoxes Afflicting Procedures for Electing a Single Candidate},
	Publisher = {Springer},
	Address = {Berlin},
	doi = {10.1007/978-3-642-20441-8_3},
	Year = {2012}}
	
	@article{Felsenthal2013,
	Author = {Dan S. Felsenthal and Nicolaus Tideman },
	Journal = {Theory and Decision},
	Pages = {59-77},
	Title = {Varieties of failure of monotonicity and participation under five voting methods},
	Volume = {75},
	Year = {2013}}

	@article{Felsenthal2016,
	Author = {Dan S. Felsenthal and Hannu Nurmi},
	Journal = {Public Choice},
	Pages = {115-135},
	Title = {Two types of participation failure under nine voting methods in variable electorates},
	Volume = {168},
	doi = {10.1007/s11127-016-0352-5},
	Year = {2016}}
	
	@book{Taylor2008,
	Address = {New York},
	Author = {Alan D. Taylor and Allison M. Pacelli},
	Edition = {2nd},
	Publisher = {Springer},
	Title = {Mathematics and Politics: Strategy, Voting, Power, and Proof},
	Year = {2008}}
	
	@book{Avigad2021,
	Author = {Jeremy Avigad and Leonardo de Moura and Soonho Kong},
	Edition = {Release 3.23.0},
	Title = {Theorem Proving in Lean},
	URL = {https://leanprover.github.io/theorem_proving_in_lean/theorem_proving_in_lean.pdf},
	Year = {2021}}
	
	@article{Fishburn1977,
	Author = {Peter C. Fishburn},
	Journal = {SIAM Journal on Applied Mathematics},
	Number = {3},
	Pages = {469-489},
	Title = {Condorcet Social Choice Functions},
	Volume = {33},
	Year = {1977}}
	
	@article{Fishburn1983,
	Author = {Peter C. Fishburn and Steven J. Brams},
	Journal = {Mathematics Magazine},
	Number = {4},
	Pages = {207-214},
	Title = {Paradoxes of Preferential Voting},
	Volume = {56},
	doi = {10.2307/2689808},
	Year = {1983}}
	
	@inproceedings{Freemanetal2014,
	Author = {Rupert Freeman and Markus Brill and Vincent Conitzer},
	Booktitle = {Proceedings of the Twenty-Eighth AAAI Conference on Artificial Intelligence (AAAI-14)},
	Pages = {675-681},
	Title = {On the Axiomatic Characterization of Runoff Voting Rules},
	Publisher = {AAAI Press},
	Year = {2014}}
	
	@incollection{Gillies1959,
	Author = {Donald B. Gillies},
	Booktitle = {Contributions to the Theory of Games},
	Editor = {A. W. Tucker and R. D. Luce},
	Publisher = {Princeton University Press},
	Title = {Solutions to general non-zero-sum games},
	Year = {1959}}
	
	@unpublished{Heitzig2002,
	Author = {Jobst Heitzig},
	Note = {\href{https://arxiv.org/abs/math/0201285}{arXiv:0201285}},
	Title = {Social Choice Under Incomplete, Cyclic Preferences: {M}ajority/Minority-Based Rules, and Composition-Consistency},
	Year = {2002}}
	
	@misc{Heitzig2004,
	Author = {Jobst Heitzig},
	Title = {Examples with 4 options for immune methods},
	Url = {http://lists.electorama.com/pipermail/election-methods-electorama.com//2004-May/078166.html},
	Year = {2004},
	}
	
		@article{Magee2003,
	Author = {Christopher S. P. Magee},
	Journal = {Social Science Quarterly},
	Pages = {29-35},
	Title = {Third-party candidates and the 2000 presidential election},
	Volume = {84},
	Number = {3},
	Year = {2003},
	doi = {10.1111/1540-6237.8403006},
}
	
	@article{HP2020,
	Author = {Wesley H. Holliday and Eric Pacuit},
	Note = {\href{https://arxiv.org/abs/2008.08451}{arXiv:2008.08451}},
	Title = {Axioms for Defeat in Democratic Elections},
	journal = {Journal of Theoretical Politics},
	Year = {Forthcoming}}
	
		@unpublished{HP2020b,
	Author = {Wesley H. Holliday and Eric Pacuit},
	Note = {\href{https://arxiv.org/abs/2004.02350}{arXiv:2004.02350}},
	Title = {Split {C}ycle: {A} New {C}ondorcet Consistent Voting Method Independent of Clones and Immune to Spoilers},
	Year = {2020}}
	
	@unpublished{HT2020,
	Author = {Matthew Harrison-Trainor},
	Note = {\href{https://arxiv.org/abs/2009.02979}{arXiv:2009.02979}},
	Title = {An Analysis of Random Elections with Large Numbers of Voters},
	Year = {2020}}
	
	@article{Jimeno2009,
	Author = {Jos\'{e} L. Jimeno and Joaqu\'{i}n P\'{e}rez and Estefan\'{i}a Garc\'{i}a},
	Journal = {Social Choice and Welfare},
	Pages = {343-359},
	Title = {An extension of the {Moulin No Show Paradox} for voting correspondences},
	Volume = {33},
	Number = {3},
	doi = {10.1007/s00355-008-0360-6},
	Year = {2009}}
	
	@article{Kambhampaty2019,
	Author = {Anna Purna Kambhampaty},
	Journal = {Time Magazine},
	Note = {November 6, 2019 issue},
	Title = {New {Y}ork {C}ity Voters Just Adopted {Ranked-Choice Voting} in Elections. {H}ere's How It Works},
	Year = {2019}}
	
	@book{Nurmi1987,
	Address = {Dordrecht},
	Author = {Hannu Nurmi},
	Publisher = {D. Reidel},
	Title = {Comparing Voting Systems},
	Year = {1987},
	}
	
	@book{Kelly1988,
	Address = {Berlin},
	Author = {Jerry S. Kelly},
	Publisher = {Springer},
	Title = {Social Choice Theory: {A}n Introduction},
	Year = {1988},
	doi = {10.1007/978-3-662-09925-4}}
	
	@article{Kasper2019,
	Author = {Laura Kasper and Hans Peters and Dries Vermeulen},
	Journal = {Mathematical Social Sciences},
	Pages = {36-42},
	Title = {Condorcet {C}onsistency and the strong no show paradoxes},
	Volume = {99},
	doi = {10.1016/j.mathsocsci.2019.03.002},
	Year = {2019}}
	
	@article{Kramer1977,
	Author = {Gerald H. Kramer},
	Journal = {Journal of Economic Theory},
	Number = {2},
	Pages = {310-334},
	Title = {A dynamical model of political equilibrium},
	Volume = {16},
	doi = {10.1016/0022-0531(77)90011-4},
	Year = {1977}}
	
	@article{Lamboray2008,
	Author = {Claude Lamboray},
	Journal = {Social Choice and Welfare},
	Pages = {129-155},
	Title = {A Prudent Characterization of the Ranked Pairs Rule},
	Volume = {32},
	doi = {10.1007/s00355-008-0319-7},
	Year = {2008}}
	
	@book{Laslier1997,
	Author = {Jean-Fran\c{c}ois Laslier},
	Publisher = {Springer},
	Address = {Berlin},
	Title = {Tournament Solutions and Majority Voting},
	Year = {1997}}
	
	@inproceedings{Laslier2012,
	Author = {Jean-Fran\c{c}ois Laslier},
	Booktitle = {Electoral Systems: Paradoxes, Assumptions and Procedures},
	Title = {And the Loser Is...Plurality Voting},
	Editor = {Dan S. Felsenthal and Mosh\'{e} Machover},
	Publisher = {Springer},
	Address = {Berlin},
	Pages = {327-351},
	doi = {10.1007/978-3-642-20441-8_13},
	Year = {2012}}
	
	@book{Marden1995,
	Author = {John Marden},
	Publisher = {CRC Press},
	Address = {New York},
	Title = {Analyzing and Modeling Rank Data},
	doi = {10.1201/b16552},
	Year = {1995}}
	
	@article{Maskin2017a,
	Author = {Eric Maskin and Amartya Sen},
	Journal = {The New York Review of Books},
	Note = {January 19, 2017 issue},
	Title = {The Rules of the Game: {A} New Electoral System},
	Year = {2017}}

	@article{Maskin2017b,
	Author = {Eric Maskin and Amartya Sen},
	Journal = {The New York Review of Books},
	Note = {June 8, 2017 issue},
	Title = {A Better Way to Choose Presidents},
	Year = {2017}}
	
	@article{Miller1980,
	Author = {Nicholas R. Miller},
	Journal = {American Journal of Political Science},
	Number = {1},
	Pages = {68-96},
	Title = {A New Solution Set for Tournaments and Majority Voting: {F}urther Graph-Theoretical Approaches to the Theory of Voting},
	Volume = {24},
	doi = {10.2307/2110925},
	Year = {1980}}

	@article{Miller2019,
	Author = {Nicholas R. Miller},
	Journal = {Public Choice},
	Pages = {113-124},
	Title = {Reflections on {A}rrow's theorem and voting rules},
	Volume = {179},
	doi = {10.1007/s11127-018-0524-6},
	Year = {2019}}
	
	@article{Moulin1986,
	Author = {Herv\'{e} Moulin},
	Journal = {Social Choice and Welfare},
	Pages = {271-291},
	Title = {Choosing from a Tournament},
	Volume = {3},
	Number = {4},
	doi = {10.1007/BF00292732},
	Year = {1986}}
	
	@article{Moulin1988,
	Author = {Herv\'{e} Moulin},
	Journal = {Journal of Economic Theory},
	Pages = {53-64},
	Title = {Condorcet's Principle Implies the No Show Paradox},
	Volume = {45},
	Number = {1},
	doi = {10.1016/0022-0531(88)90253-0},
	Year = {1988}}
	
	@inproceedings{Munie2009, 
	Author = {Munie, Michael and Tang, Pingzhong and Shoham, Yoav},
	Title = {A Framework for the Quantitative Evaluation of Voting Rules},
	Booktitle = {Proceedings of Logic, Game Theory, and Social Choice 6 (LGS6)},
	Year = {2009}}
	
	@inproceedings{Eberl2019, 
	Author = {Manuel Eberl},
	Title = {Verifying Randomised Social Choice},
	Booktitle = {International Symposium on Frontiers of Combining Systems, FroCoS 2019},
	pages = {240-256},
	Year = {2019}}
	
	@article{Myerson1995,
	Author = {Roger B.~Myerson},
	Journal = {Social Choice and Welfare},
	Number = {1},
	Pages = {59-74},
	Title = {Axiomatic derivation of scoring rules without the ordering assumption},
	Volume = {12},
	doi = {10.1007/BF00182193},
	Year = {1995}}
	
	@incollection{Pacuit2019,
	Author = {Pacuit, Eric},
	Booktitle = {The Stanford Encyclopedia of Philosophy},
	Edition = {{F}all 2019},
	Editor = {Edward N. Zalta},
	Howpublished = {\url{https://plato.stanford.edu/archives/fall2019/entries/voting-methods/}},
	Publisher = {Metaphysics Research Lab, Stanford University},
	Title = {Voting Methods},
	Year = {2019}}
	
	@article{Penn2006,
	Author = {Elizabeth Maggie Penn},
	Journal = {Social Choice and Welfare},
	Pages = {83-87},
	Title = {Alternate definitions of the uncovered set and their implications},
	Volume = {27},
	Number = {1},
	doi = {10.1007/s00355-006-0114-2},
	Year = {2006}}

	@article{Perez2001,
	Author = {Joaqu\'{i}n P\'{e}rez},
	Journal = {Social Choice and Welfare},
	Number = {3},
	Pages = {601-616},
	Title = {The Strong No Show Paradoxes are a common flaw in {C}ondorcet voting correspondences},
	Volume = {18},
	doi = {10.1007/s003550000079},
	Year = {2001}}
	
	@article{Peris1999b,
	Author = {M. Carmen S\'{a}nchez and Josep E. Peris},
	Journal = {Social Choice and Welfare},
	Pages = {81-97},
	Title = {Veto in fixed agenda social choice correspondences},
	Volume = {16},
	doi = {doi.org/10.1007/s003550050132},
	Year = {1999}}
	
	@article{Peris1999,
	Author = {Josep E. Peris and Bego{\~n}a Subiza},
	Journal = {Social Choice and Welfare},
	Number = {2},
	Pages = {217-231},
	Title = {Condorcet choice correspondences for weak tournaments},
	Volume = {16},
	doi = {10.1007/s003550050141},
	Year = {1999}}
	
	@article{Pivato2013,
	Author = {Marcus Pivato},
	Journal = {Social Choice and Welfare},
	Pages = {581-630},
	Title = {Voting rules as statistical estimators},
	Volume = {40},
	Number = {2},
	doi = {10.1007/s00355-011-0619-1},
	Year = {2013}}
	
	@article{Pivato2013b,
	Author = {Marcus Pivato},
	Journal = {Journal of Mathematical Economics},
	Pages = {210-221},
	Title = {Variable-population voting rules},
	Volume = {49},
	Number = {3},
	doi = {10.1016/j.jmateco.2013.02.001},
	Year = {2013}}

	@article{Plassmann2014,
	Author = {Florenz Plassmann and T. Nicolaus Tideman},
	Journal = {Social Choice and Welfare},
	Pages = {31-75},
	Title = {How frequently do different voting rules encounter voting paradoxes in three-candidate elections?},
	Volume = {42},
	doi = {10.1007/s00355-013-0720-8},
	Year = {2014}}
	
	@article{Richelson1978,
	Author = {Jeffrey T. Richelson},
	Journal = {Behavioral Science},
	Pages = {169-176},
	Title = {A comparative analysis of social choice functions, {III}},
	Volume = {23},
	Year = {1978}}
	
	@article{Rodriguez-Alvarez2006,
	Author = {Carmelo Rodr\'{i}guez-\'{A}lvarez},
	Journal = {Social Choice and Welfare},
	Number = {3},
	Pages = {545-570},
	Title = {Candidate stability and voting correspondences},
	Volume = {27},
	doi = {10.1007/s00355-006-0126-y},
	Year = {2006}}
	
	@article{Schulze2011,
	Author = {Markus Schulze},
	Journal = {Social Choice and Welfare},
	Pages = {267-303},
	Title = {A new monotonic, clone-independent, reversal symmetric, and condorcet-consistent single-winner election method},
	Volume = {36},
	Year = {2011}}
   	
	@book{Sen2017,
	Address = {Cambridge, Mass.},
	Author = {Amartya Sen},
	Publisher = {Harvard University Press},
	Title = {Collective Choice and Social Welfare: An Expanded Edition},
	Year = {2017}}
	
 	
 	
	@article{Tideman1987,
	Author = {T. Nicolaus Tideman},
	Journal = {Social Choice and Welfare},
	Pages = {185-206},
	Title = {Independence of Clones as a Criterion for Voting Rules},
	Volume = {4},
	Year = {1987}}
	
    	
	@article{ZavistTideman1989,
	Author = {T. M. Zavist and T. Nicolaus Tideman},
	Journal = {Social Choice and Welfare},
	Pages = {167-173},
	Title = {Complete Independence of Clones in the Ranked Pairs Rule},
	Volume = {6},
	doi = {10.1007/bf00303170},
	Year = {1989}}
	
	@incollection{Zwicker2016,
	Address = {New York},
	Author = {William S. Zwicker},
	Booktitle = {Handbook of Computational Social Choice},
	Pages = {23-56},
	Publisher = {Cambridge University Press},
	Title = {Introduction to the Theory of Voting},
	doi = {10.1017/cbo9781107446984.003},
	Editor = {Felix Brandt and Vincent Conitzer and Ulle Endriss and J\'{e}r\^{o}me Lang and Ariel D. Procaccia},
	Year = {2016}}

 



@article{Brandt2018b,
	 author  = {Felix Brandt and Manuel Eberl and Christian Saile and Christian Stricker},
  	title   = {The Incompatibility of Fishburn-Strategyproofness and Pareto-Efficiency},
  	journal = {Archive of Formal Proofs},
 	year    = 2018,
  	note    = {\url{https://isa-afp.org/entries/Fishburn_Impossibility.html}},
  	ISSN    = {2150-914x},
}
